@article{Baumdicker2021,
	doi = {10.1093/genetics/iyab229},
	url = {https://doi.org/10.1093%2Fgenetics%2Fiyab229},
	year = 2021,
	publisher = {Oxford University Press ({OUP})},
	volume = {220},
	number = {3},
	author = {Franz Baumdicker and Gertjan Bisschop and Daniel Goldstein and Graham Gower and Aaron P Ragsdale and Georgia Tsambos and Sha Zhu and Bjarki Eldon and E Castedo Ellerman and Jared G Galloway and Ariella L Gladstein and Gregor Gorjanc and Bing Guo and Ben Jeffery and Warren W Kretzschumar and Konrad Lohse and Michael Matschiner and Dominic Nelson and Nathaniel S Pope and Consuelo D Quinto-Cort{\'{e}}s and Murillo F Rodrigues and Kumar Saunack and Thibaut Sellinger and Kevin Thornton and Hugo van Kemenade and Anthony W Wohns and Yan Wong and Simon Gravel and Andrew D Kern and Jere Koskela and Peter L Ralph and Jerome Kelleher},
	title = {Efficient ancestry and mutation simulation with msprime 1.0},
	journal = {Genetics}
}

@article{Bhatia2013,
  doi = {10.1101/gr.154831.113},
  url = {https://doi.org/10.1101/gr.154831.113},
  year = {2013},
  publisher = {Cold Spring Harbor Laboratory},
  volume = {23},
  number = {9},
  pages = {1514--1521},
  author = {G. Bhatia and N. Patterson and S. Sankararaman and A. L. Price},
  title = {Estimating and Interpreting {F}\textsubscript{{ST}}: The Impact of Rare Variants},
  journal = {Genome Research}
}

@article{Cappe2009,
  doi = {10.1111/j.1467-9868.2009.00698.x},
  url = {https://doi.org/10.1111/j.1467-9868.2009.00698.x},
  year = {2009},
  publisher = {Wiley},
  volume = {71},
  number = {3},
  pages = {593--613},
  author = {Olivier Capp{\'{e}} and Eric Moulines},
  title = {On-line Expectation-Maximization Algorithm for Latent Data Models},
  journal = {Journal of the Royal Statistical Society: Series B (Statistical Methodology)}
}

@inproceedings{Chen2018,
  year = {2018},
  volume = {31},
  pages = {7967--7977},
  author = {Jianfei Chen and Jun Zhu and Yee Whye Teh and Tong Zhang},
  title = {Stochastic Expectation Maximization with Variance Reduction},
  booktitle={Proceedings of the 32nd International Conference on Neural Information Processing Systems},
}

@article{Chen2019,
  doi = {10.1126/science.aav6202},
  url = {https://doi.org/10.1126/science.aav6202},
  year = {2019},
  publisher = {American Association for the Advancement of Science ({AAAS})},
  volume = {364},
  number = {6446},
  pages = {eaav6202},
  author = {Lei Chen and Qiang Qiu and Yu Jiang and Kun Wang and Zeshan Lin and Zhipeng Li and Faysal Bibi and Yongzhi Yang and Jinhuan Wang and Wenhui Nie and Weiting Su and Guichun Liu and Qiye Li and Weiwei Fu and Xiangyu Pan and Chang Liu and Jie Yang and Chenzhou Zhang and Yuan Yin and Yu Wang and Yue Zhao and Chen Zhang and Zhongkai Wang and Yanli Qin and Wei Liu and Bao Wang and Yandong Ren and Ru Zhang and Yan Zeng and Rute R. da Fonseca and Bin Wei and Ran Li and Wenting Wan and Ruoping Zhao and Wenbo Zhu and Yutao Wang and Shengchang Duan and Yun Gao and Yong E. Zhang and Chunyan Chen and Christina Hvilsom and Clinton W. Epps and Leona G. Chemnick and Yang Dong and Siavash Mirarab and Hans Redlef Siegismund and Oliver A. Ryder and M. Thomas P. Gilbert and Harris A. Lewin and Guojie Zhang and Rasmus Heller and Wen Wang},
  title = {Large-scale ruminant genome sequencing provides insights into their evolution and distinct traits},
  journal = {Science}
}

@article{Danecek2021,
  doi = {10.1093/gigascience/giab008},
  url = {https://doi.org/10.1093/gigascience/giab008},
  year = {2021},
  publisher = {Oxford University Press ({OUP})},
  volume = {10},
  number = {2},
  author = {Petr Danecek and James K Bonfield and Jennifer Liddle and John Marshall and Valeriu Ohan and Martin O Pollard and Andrew Whitwham and Thomas Keane and Shane A McCarthy and Robert M Davies and Heng Li},
  title = {Twelve Years of {SAMtools} and {BCFtools}},
  journal = {{GigaScience}}
}

@article{Dempster1977,
  doi = {10.1111/j.2517-6161.1977.tb01600.x},
  url = {https://doi.org/10.1111/j.2517-6161.1977.tb01600.x},
  year = {1977},
  publisher = {Wiley},
  volume = {39},
  number = {1},
  pages = {1--22},
  author = {A. P. Dempster and N. M. Laird and D. B. Rubin},
  title = {Maximum Likelihood from Incomplete Data Via the {EM} Algorithm},
  journal = {Journal of the Royal Statistical Society: Series B (Methodological)}
}

@article{Excoffier2011,
  doi = {10.1093/bioinformatics/btr124},
  url = {https://doi.org/10.1093/bioinformatics/btr124},
  year = {2011},
  month = mar,
  publisher = {Oxford University Press ({OUP})},
  volume = {27},
  number = {9},
  pages = {1332--1334},
  author = {Laurent Excoffier and Matthieu Foll},
  title = {fastsimcoal: a Continuous-Time Coalescent Simulator of Genomic Diversity Under Arbitrarily Complex Evolutionary Scenarios},
  journal = {Bioinformatics}
}

@article{Excoffier2013,
  doi = {10.1371/journal.pgen.1003905},
  url = {https://doi.org/10.1371/journal.pgen.1003905},
  year = {2013},
  publisher = {Public Library of Science ({PLoS})},
  volume = {9},
  number = {10},
  pages = {e1003905},
  author = {Laurent Excoffier and Isabelle Dupanloup and Emilia Huerta-S{\'{a}}nchez and Vitor C. Sousa and Matthieu Foll},
  editor = {Joshua M. Akey},
  title = {Robust Demographic Inference from Genomic and {SNP} Data},
  journal = {{PLoS} Genetics}
}

@article{Faith2013,
	doi = {10.1007/s10914-013-9238-1},
	url = {https://doi.org/10.1007%2Fs10914-013-9238-1},
	year = 2013,
	publisher = {Springer Science and Business Media {LLC}},
	volume = {21},
	number = {2},
	pages = {213--222},
	author = {J. Tyler Faith and Christian A. Tryon and Daniel J. Peppe and Emily J. Beverly and Nick Blegen},
	title = {Biogeographic and Evolutionary Implications of an Extinct Late {P}leistocene Impala from the {Lake Victoria Basin, Kenya}},
	journal = {Journal of Mammalian Evolution}
}
@article{Fay2000,
  doi = {10.1093/genetics/155.3.1405},
  url = {https://doi.org/10.1093/genetics/155.3.1405},
  year = {2000},
  publisher = {Oxford University Press ({OUP})},
  volume = {155},
  number = {3},
  pages = {1405--1413},
  author = {Justin C Fay and Chung-I Wu},
  title = {Hitchhiking Under Positive {D}arwinian Selection},
  journal = {Genetics}
}

@unpublished{GarciaErillunpublished,
  author = {Gen\'{i}s Garcia-Erill and Anders Albrechtsen and Rasmus Heller},
  note = {\emph{In preparation}},
}

@article{GomezBahamon2020,
  doi = {10.1016/j.cub.2020.01.064},
  url = {https://doi.org/10.1016/j.cub.2020.01.064},
  year = {2020},
  publisher = {Elsevier {BV}},
  volume = {30},
  number = {7},
  pages = {1312--1321.e6},
  author = {Valentina G{\'{o}}mez-Baham{\'{o}}n and Roberto M{\'{a}}rquez and Alex E. Jahn and Cristina Yumi Miyaki and Diego T. Tuero and Oscar Laverde-R and Silvia Restrepo and Carlos Daniel Cadena},
  title = {Speciation Associated with Shifts in Migratory Behavior in an Avian Radiation},
  journal = {Current Biology}
}

@article{Gopalakrishnan2018,
  doi = {10.1016/j.cub.2018.08.041},
  url = {https://doi.org/10.1016/j.cub.2018.08.041},
  year = {2018},
  publisher = {Elsevier {BV}},
  volume = {28},
  number = {21},
  pages = {3441--3449.e5},
  author = {Shyam Gopalakrishnan and Mikkel-Holger S. Sinding and Jazm{\'{\i}}n Ramos-Madrigal and Jonas Niemann and Jose A. Samaniego Castruita and Filipe G. Vieira and Christian Car{\o}e and Marc de Manuel Montero and Lukas Kuderna and Aitor Serres and V{\'{\i}}ctor Manuel Gonz{\'{a}}lez-Basallote and Yan-Hu Liu and Guo-Dong Wang and Tomas Marques-Bonet and Siavash Mirarab and Carlos Fernandes and Philippe Gaubert and Klaus-Peter Koepfli and Jane Budd and Eli Knispel Rueness and Claudio Sillero and Mads Peter Heide-J{\o}rgensen and Bent Petersen and Thomas Sicheritz-Ponten and Lutz Bachmann and {\O}ystein Wiig and Anders J. Hansen and M. Thomas P. Gilbert},
  title = {Interspecific Gene Flow Shaped the Evolution of the Genus \emph{{C}anis}},
  journal = {Current Biology}
}

@article{Gutenkunst2009,
  doi = {10.1371/journal.pgen.1000695},
  url = {https://doi.org/10.1371/journal.pgen.1000695},
  year = {2009},
  publisher = {Public Library of Science ({PLoS})},
  volume = {5},
  number = {10},
  pages = {e1000695},
  author = {Ryan N. Gutenkunst and Ryan D. Hernandez and Scott H. Williamson and Carlos D. Bustamante},
  editor = {Gil McVean},
  title = {Inferring the Joint Demographic History of Multiple Populations from Multidimensional {SNP} Frequency Data},
  journal = {{PLoS} Genetics}
}

@article{Han2013,
  doi = {10.1093/molbev/mst229},
  url = {https://doi.org/10.1093/molbev/mst229},
  year = {2013},
  publisher = {Oxford University Press ({OUP})},
  volume = {31},
  number = {3},
  pages = {723--735},
  author = {Eunjung Han and Janet S. Sinsheimer and John Novembre},
  title = {Characterizing Bias in Population Genetic Inferences from Low-Coverage Sequencing Data},
  journal = {Molecular Biology and Evolution}
}

@article{Han2014,
	doi = {10.1093/bioinformatics/btu725},
	url = {https://doi.org/10.1093%2Fbioinformatics%2Fbtu725},
	year = 2014,
	publisher = {Oxford University Press ({OUP})},
	volume = {31},
	number = {5},
	pages = {720--727},
	author = {Eunjung Han and Janet S. Sinsheimer and John Novembre},
	title = {Fast and accurate site frequency spectrum estimation from low coverage sequence data},
	journal = {Bioinformatics}
}

@article{Huang2021,
  doi = {10.1093/molbev/msab162},
  url = {https://doi.org/10.1093/molbev/msab162},
  year = {2021},
  month = may,
  publisher = {Oxford University Press ({OUP})},
  volume = {38},
  number = {10},
  pages = {4588--4602},
  author = {Xin Huang and Alyssa Lyn Fortier and Alec J Coffman and Travis J Struck and Megan N Irby and Jennifer E James and Jos{\'{e}} E Le{\'{o}}n-Burguete and Aaron P Ragsdale and Ryan N Gutenkunst},
  editor = {Rasmus Nielsen},
  title = {Inferring Genome-Wide Correlations of Mutation Fitness Effects between Populations},
  journal = {Molecular Biology and Evolution}
}

@article{Jain2018,
  doi = {10.4230/LIPICS.FSTTCS.2017.2},
  url = {http://drops.dagstuhl.de/opus/volltexte/2018/8394/},
  author = {Jain, Prateek and Kakade, Sham M. and Kidambi, Rahul and Netrapalli, Praneeth and Pillutla, Venkata Krishna and Sidford, Aaron},
  title = {A Markov Chain Theory Approach to Characterizing the Minimax Optimality  of Stochastic Gradient Descent  (for Least Squares)},
  publisher = {Schloss Dagstuhl - Leibniz-Zentrum fuer Informatik GmbH, Wadern/Saarbruecken, Germany},
  year = {2018}
}

@article{Jouganous2017,
  doi = {10.1534/genetics.117.200493},
  url = {https://doi.org/10.1534/genetics.117.200493},
  year = {2017},
  month = jul,
  publisher = {Oxford University Press ({OUP})},
  volume = {206},
  number = {3},
  pages = {1549--1567},
  author = {Julien Jouganous and Will Long and Aaron P Ragsdale and Simon Gravel},
  title = {Inferring the Joint Demographic History of Multiple Populations: Beyond the Diffusion Approximation},
  journal = {Genetics}
}

@article{Kamm2017,
  doi = {10.1080/10618600.2016.1159212},
  url = {https://doi.org/10.1080/10618600.2016.1159212},
  year = {2017},
  month = jan,
  publisher = {Informa {UK} Limited},
  volume = {26},
  number = {1},
  pages = {182--194},
  author = {John A. Kamm and Jonathan Terhorst and Yun S. Song},
  title = {Efficient Computation of the Joint Sample Frequency Spectra for Multiple Populations},
  journal = {Journal of Computational and Graphical Statistics}
}

@article{Kelleher2018,
	doi = {10.1371/journal.pcbi.1006581},
	url = {https://doi.org/10.1371%2Fjournal.pcbi.1006581},
	year = 2018,
	publisher = {Public Library of Science ({PLoS})},
	volume = {14},
	number = {11},
	pages = {e1006581},
	author = {Jerome Kelleher and Kevin R. Thornton and Jaime Ashander and Peter L. Ralph},
	title = {Efficient pedigree recording for fast population genetics simulation},
	journal = {{PLOS} Computational Biology}
}

@article{Kim2017,
  doi = {10.1534/genetics.116.197145},
  url = {https://doi.org/10.1534/genetics.116.197145},
  year = {2017},
  month = may,
  publisher = {Oxford University Press ({OUP})},
  volume = {206},
  number = {1},
  pages = {345--361},
  author = {Bernard Y Kim and Christian D Huber and Kirk E Lohmueller},
  title = {Inference of the Distribution of Selection Coefficients for New Nonsynonymous Mutations Using Large Samples},
  journal = {Genetics}
}

@article{Korneliussen2013,
  doi = {10.1186/1471-2105-14-289},
  url = {https://doi.org/10.1186/1471-2105-14-289},
  year = {2013},
  publisher = {Springer Science and Business Media {LLC}},
  volume = {14},
  number = {1},
  author = {Thorfinn Sand Korneliussen and Ida Moltke and Anders Albrechtsen and Rasmus Nielsen},
  title = {Calculation of {T}ajima's {D} and Other Neutrality Test Statistics from Low Depth Next-Generation Sequencing Data},
  journal = {{BMC} Bioinformatics}
}

@article{Korneliussen2014,
  doi = {10.1186/s12859-014-0356-4},
  url = {https://doi.org/10.1186/s12859-014-0356-4},
  year = {2014},
  publisher = {Springer Science and Business Media {LLC}},
  volume = {15},
  number = {1},
  author = {Thorfinn Sand Korneliussen and Anders Albrechtsen and Rasmus Nielsen},
  title = {{ANGSD}: Analysis of Next Generation Sequencing Data},
  journal = {{BMC} Bioinformatics}
}

@article{Koster2012,
  doi = {10.1093/bioinformatics/bts480},
  url = {https://doi.org/10.1093/bioinformatics/bts480},
  year = {2012},
  month = aug,
  publisher = {Oxford University Press ({OUP})},
  volume = {28},
  number = {19},
  pages = {2520--2522},
  author = {J. Koster and S. Rahmann},
  title = {Snakemake--A Scalable Bioinformatics Workflow Engine},
  journal = {Bioinformatics}
}

@article{Li2009,
  doi = {10.1093/bioinformatics/btp352},
  url = {https://doi.org/10.1093/bioinformatics/btp352},
  year = {2009},
  publisher = {Oxford University Press ({OUP})},
  volume = {25},
  number = {16},
  pages = {2078--2079},
  author = {H. Li and B. Handsaker and A. Wysoker and T. Fennell and J. Ruan and N. Homer and G. Marth and G. Abecasis and R. Durbin and},
  title = {The Sequence Alignment/Map format and {SAMtools}},
  journal = {Bioinformatics}
}

@article{Li2011,
  doi = {10.1093/bioinformatics/btr509},
  url = {https://doi.org/10.1093/bioinformatics/btr509},
  year = {2011},
  publisher = {Oxford University Press ({OUP})},
  volume = {27},
  number = {21},
  pages = {2987--2993},
  author = {H. Li},
  title = {A Statistical Framework for {SNP} Calling, Mutation Discovery, Association Mapping and Population Genetical Parameter Estimation from Sequencing Data},
  journal = {Bioinformatics}
}

@inproceedings{Liang2009,
  year={2009},
  pages={611--619},
  author={Liang, Percy and Klein, Dan},
  title={Online EM for Unsupervised Models},
  booktitle={Proceedings of Human Language Technologies: The 2009 Annual Conference of the {N}orth {A}merican Chapter of the Association for Computational Linguistics},
}

@article{Lindo2016,
  doi = {10.1038/ncomms13175},
  url = {https://doi.org/10.1038/ncomms13175},
  year = {2016},
  publisher = {Springer Science and Business Media {LLC}},
  volume = {7},
  number = {1},
  author = {John Lindo and Emilia Huerta-S{\'{a}}nchez and Shigeki Nakagome and Morten Rasmussen and Barbara Petzelt and Joycelynn Mitchell and Jerome S. Cybulski and Eske Willerslev and Michael DeGiorgio and Ripan S. Malhi},
  title = {A time transect of exomes from a {N}ative {A}merican population before and after {E}uropean contact},
  journal = {Nature Communications}
}

@article{Lorenzen2006,
	doi = {10.1093/jhered/esj012},
	url = {https://doi.org/10.1093%2Fjhered%2Fesj012},
	year = 2006,
	publisher = {Oxford University Press ({OUP})},
	volume = {97},
	number = {2},
	pages = {119--132},
	author = {Eline D. Lorenzen and Peter Arctander and Hans R. Siegismund},
	title = {Regional Genetic Structuring and Evolutionary History of the Impala {\emph{Aepyceros melampus}}},
	journal = {Journal of Heredity}
}

@article{Lorenzen2012,
  doi = {10.1111/j.1365-294x.2012.05650.x},
  url = {https://doi.org/10.1111%2Fj.1365-294x.2012.05650.x},
  year = 2012,
  publisher = {Wiley},
  volume = {21},
  number = {15},
  pages = {3656--3670},
  author = {E. D. Lorenzen and R. Heller and H. R. Siegismund},
  title = {Comparative phylogeography of {A}frican savannah ungulates},
  journal = {Molecular Ecology}
}

@article{Lou2021,
  doi = {10.1111/mec.16077},
  url = {https://doi.org/10.1111/mec.16077},
  year = {2021},
  month = aug,
  publisher = {Wiley},
  volume = {30},
  number = {23},
  pages = {5966--5993},
  author = {Runyang Nicolas Lou and Arne Jacobs and Aryn P. Wilder and Nina Overgaard Therkildsen},
  title = {A Beginner{\textquotesingle}s Guide to Low-Coverage Whole Genome Sequencing for Population Genomics},
  journal = {Molecular Ecology}
}

@inproceedings{Lu2012,
  doi = {10.1145/2351316.2351328},
  url = {https://doi.org/10.1145/2351316.2351328},
  year = {2012},
  publisher = {{ACM} Press},
  author = {Mian Lu and Jiuxin Zhao and Qiong Luo and Bingqiang Wang},
  title = {Accelerating Minor Allele Frequency Computation with Graphics Processors},
  booktitle = {Proceedings of the 1st International Workshop on Big Data, Streams and Heterogeneous Source Mining Algorithms, Systems, Programming Models and Applications - {BigMine} {\textquotesingle}12}
}

@article{Margaryan2020,
	doi = {10.1038/s41586-020-2688-8},
	url = {https://doi.org/10.1038%2Fs41586-020-2688-8},
	year = 2020,
	publisher = {Springer Science and Business Media {LLC}},
	volume = {585},
	number = {7825},
	pages = {390--396},
	author = {Ashot Margaryan and Daniel J. Lawson and Martin Sikora and Fernando Racimo and Simon Rasmussen and Ida Moltke and Lara M. Cassidy and Emil J{\o}rsboe and Andr{\'{e}}s Ingason and Mikkel W. Pedersen and Thorfinn Korneliussen and Helene Wilhelmson and Magdalena M. Bu{\'{s}} and Peter de Barros Damgaard and Rui Martiniano and Gabriel Renaud and Claude Bh{\'{e}}rer and J. V{\'{\i}}ctor Moreno-Mayar and Anna K. Fotakis and Marie Allen and Raili Allmäe and Martyna Molak and Enrico Cappellini and Gabriele Scorrano and Hugh McColl and Alexandra Buzhilova and Allison Fox and Anders Albrechtsen and Berit Schütz and Birgitte Skar and Caroline Arcini and Ceri Falys and Charlotte Hedenstierna Jonson and Dariusz B{\l}aszczyk and Denis Pezhemsky and Gordon Turner-Walker and Hildur Gestsd{\'{o}}ttir and Inge Lundstr{\o}m and Ingrid Gustin and Ingrid Mainland and Inna Potekhina and Italo M. Muntoni and Jade Cheng and Jesper Stenderup and Jilong Ma and Julie Gibson and Jüri Peets and Jörgen Gustafsson and Katrine H. Iversen and Linzi Simpson and Lisa Strand and Louise Loe and Maeve Sikora and Marek Florek and Maria Vretemark and Mark Redknap and Monika Bajka and Tamara Pushkina and Morten S{\o}vs{\o} and Natalia Grigoreva and Tom Christensen and Ole Kastholm and Otto Uldum and Pasquale Favia and Per Holck and Sabine Sten and S{\'{\i}}mun V. Arge and Sturla Ellingv{\aa}g and Vayacheslav Moiseyev and Wies{\l}aw Bogdanowicz and Yvonne Magnusson and Ludovic Orlando and Peter Pentz and Mads Dengs{\o} Jessen and Anne Pedersen and Mark Collard and Daniel G. Bradley and Marie Louise J{\o}rkov and Jette Arneborg and Niels Lynnerup and Neil Price and M. Thomas P. Gilbert and Morten E. Allentoft and Jan Bill and S{\o}ren M. Sindb{\ae}k and Lotte Hedeager and Kristian Kristiansen and Rasmus Nielsen and Thomas Werge and Eske Willerslev},
	title = {Population Genomics of the Viking World},
	journal = {Nature}
}

@article{Marth2004,
  doi = {10.1534/genetics.166.1.351},
  url = {https://doi.org/10.1534/genetics.166.1.351},
  year = {2004},
  publisher = {Oxford University Press ({OUP})},
  volume = {166},
  number = {1},
  pages = {351--372},
  author = {Gabor T Marth and Eva Czabarka and Janos Murvai and Stephen T Sherry},
  title = {The Allele Frequency Spectrum in Genome-Wide Human Variation Data Reveals Signals of Differential Demographic History in Three Large World Populations},
  journal = {Genetics}
}

@article{Martin2020,
  doi = {10.1093/molbev/msaa239},
  url = {https://doi.org/10.1093/molbev/msaa239},
  year = {2020},
  month = sep,
  publisher = {Oxford University Press ({OUP})},
  volume = {38},
  number = {2},
  pages = {716--726},
  author = {Simon H Martin and William Amos},
  editor = {Kelley Harris},
  title = {Signatures of Introgression across the Allele Frequency Spectrum},
  journal = {Molecular Biology and Evolution}
}

@article{MasSandoval2022,
  doi = {10.1093/gigascience/giac032},
  url = {https://doi.org/10.1093/gigascience/giac032},
  year = {2022},
  publisher = {Oxford University Press ({OUP})},
  volume = {11},
  author = {Alex Mas-Sandoval and Nathaniel S Pope and Knud Nor Nielsen and Isin Altinkaya and Matteo Fumagalli and Thorfinn Sand Korneliussen},
  title = {Fast and Accurate Estimation of Multidimensional Site Frequency Spectra from Low-Coverage High-Throughput Sequencing Data},
  journal = {{GigaScience}}
}

@article{McKenna2010,
  doi = {10.1101/gr.107524.110},
  url = {https://doi.org/10.1101/gr.107524.110},
  year = {2010},
  publisher = {Cold Spring Harbor Laboratory},
  volume = {20},
  number = {9},
  pages = {1297--1303},
  author = {A. McKenna and M. Hanna and E. Banks and A. Sivachenko and K. Cibulskis and A. Kernytsky and K. Garimella and D. Altshuler and S. Gabriel and M. Daly and M. A. DePristo},
  title = {The Genome Analysis Toolkit: A {MapReduce} Framework for Analyzing Next-Generation {DNA} Sequencing Data},
  journal = {Genome Research}
}

@article{Meisner2019,
	doi = {10.1111/1755-0998.13019},
	url = {https://doi.org/10.1111%2F1755-0998.13019},
	year = 2019,
	month = {jun},
	publisher = {Wiley},
	volume = {19},
	number = {5},
	pages = {1144--1152},
	author = {Jonas Meisner and Anders Albrechtsen},
	title = {Testing for {H}ardy{\textendash}{W}einberg Equilibrium in Structured Populations Using Genotype or Low-Depth Next Generation Sequencing Data},
	journal = {Molecular Ecology Resources}
}

@article{Momigliano2021,
  doi = {10.1093/molbev/msab047},
  url = {https://doi.org/10.1093/molbev/msab047},
  year = {2021},
  month = feb,
  publisher = {Oxford University Press ({OUP})},
  author = {Paolo Momigliano and Ann-Britt Florin and Juha Meril\"{a}},
  editor = {Yuseob Kim},
  title = {Biases in Demographic Modelling Affect Our Understanding of Recent Divergence},
  journal = {Molecular Biology and Evolution}
}

@incollection{Neal1998,
  doi = {10.1007/978-94-011-5014-9_12},
  url = {https://doi.org/10.1007/978-94-011-5014-9_12},
  year = {1998},
  publisher = {Springer Netherlands},
  pages = {355--368},
  author = {Radford M. Neal and Geoffrey E. Hinton},
  title = {A View of the {EM} Algorithm that Justifies Incremental,  Sparse,  and Other Variants},
  booktitle = {Learning in Graphical Models}
}

@inproceedings{Neu2018,
  year={2018},
  pages={3222--3242},
  author={Gergely Neu and Lorenzo Rosasco},
  title={Iterate Averaging as Regularization for Stochastic Gradient Descent},
  booktitle={Conference On Learning Theory},
}

@article{Nielsen2005,
  doi = {10.1371/journal.pbio.0030170},
  url = {https://doi.org/10.1371/journal.pbio.0030170},
  year = {2005},
  publisher = {Public Library of Science ({PLoS})},
  volume = {3},
  number = {6},
  pages = {e170},
  author = {Rasmus Nielsen and Carlos Bustamante and Andrew G Clark and Stephen Glanowski and Timothy B Sackton and Melissa J Hubisz and Adi Fledel-Alon and David M Tanenbaum and Daniel Civello and Thomas J White and John J. Sninsky and Mark D Adams and Michele Cargill},
  editor = {Chris Tyler-Smith},
  title = {A Scan for Positively Selected Genes in the Genomes of Humans and Chimpanzees},
  journal = {{PLoS} Biology}
}

@article{Nielsen2011,
  doi = {10.1038/nrg2986},
  url = {https://doi.org/10.1038/nrg2986},
  year = {2011},
  publisher = {Springer Science and Business Media {LLC}},
  volume = {12},
  number = {6},
  pages = {443--451},
  author = {Rasmus Nielsen and Joshua S. Paul and Anders Albrechtsen and Yun S. Song},
  title = {Genotype and {SNP} Calling from Next-Generation Sequencing Data},
  journal = {Nature Reviews Genetics}
}

@article{Nielsen2012,
  doi = {10.1371/journal.pone.0037558},
  url = {https://doi.org/10.1371/journal.pone.0037558},
  year = {2012},
  publisher = {Public Library of Science ({PLoS})},
  volume = {7},
  number = {7},
  pages = {e37558},
  author = {Rasmus Nielsen and Thorfinn Korneliussen and Anders Albrechtsen and Yingrui Li and Jun Wang},
  editor = {Philip Awadalla},
  title = {{SNP} Calling,  Genotype Calling,  and Sample Allele Frequency Estimation from New-Generation Sequencing Data},
  journal = {{PLoS} {ONE}}
}

@article{Olalde2019,
	doi = {10.1126/science.aav4040},
	url = {https://doi.org/10.1126%2Fscience.aav4040},
	year = 2019,
	publisher = {American Association for the Advancement of Science ({AAAS})},
	volume = {363},
	number = {6432},
	pages = {1230--1234},
	author = {I{\~{n}}igo Olalde and Swapan Mallick and Nick Patterson and Nadin Rohland and Vanessa Villalba-Mouco and Marina Silva and Katharina Dulias and Ceiridwen J. Edwards and Francesca Gandini and Maria Pala and Pedro Soares and Manuel Ferrando-Bernal and Nicole Adamski and Nasreen Broomandkhoshbacht and Olivia Cheronet and Brendan J. Culleton and Daniel Fernandes and Ann Marie Lawson and Matthew Mah and Jonas Oppenheimer and Kristin Stewardson and Zhao Zhang and Juan Manuel Jim{\'{e}}nez Arenas and Isidro Jorge Toro Moyano and Domingo C. Salazar-Garc{\'{\i}}a and Pere Castanyer and Marta Santos and Joaquim Tremoleda and Marina Lozano and Pablo Garc{\'{\i}}a Borja and Javier Fern{\'{a}}ndez-Eraso and Jos{\'{e}} Antonio Mujika-Alustiza and Cecilio Barroso and Francisco J. Berm{\'{u}}dez and Enrique Viguera M{\'{\i}}nguez and Josep Burch and Neus Coromina and David Viv{\'{o}} and Artur Cebri{\`{a}} and Josep Maria Fullola and Oreto Garc{\'{\i}}a-Puchol and Juan Ignacio Morales and F. Xavier Oms and Tona Maj{\'{o}} and Josep Maria Verg{\`{e}}s and Ant{\`{o}}nia D{\'{\i}}az-Carvajal and Imma Ollich-Castanyer and F. Javier L{\'{o}}pez-Cachero and Ana Maria Silva and Carmen Alonso-Fern{\'{a}}ndez and Germ{\'{a}}n Delibes de Castro and Javier Jim{\'{e}}nez Echevarr{\'{\i}}a and Adolfo Moreno-M{\'{a}}rquez and Guillermo Pascual Berlanga and Pablo Ramos-Garc{\'{\i}}a and Jos{\'{e}} Ramos-Mu{\~{n}}oz and Eduardo Vijande Vila and Gustau Aguilella Arzo and {\'{A}}ngel Esparza Arroyo and Katina T. Lillios and Jennifer Mack and Javier Velasco-V{\'{a}}zquez and Anna Waterman and Luis Ben{\'{\i}}tez de Lugo Enrich and Mar{\'{\i}}a Benito S{\'{a}}nchez and Bibiana Agust{\'{\i}} and Ferran Codina and Gabriel de Prado and Almudena Estalrrich and {\'{A}}lvaro Fern{\'{a}}ndez Flores and Clive Finlayson and Geraldine Finlayson and Stewart Finlayson and Francisco Giles-Guzm{\'{a}}n and Antonio Rosas and Virginia Barciela Gonz{\'{a}}lez and Gabriel Garc{\'{\i}}a Ati{\'{e}}nzar and Mauro S. Hern{\'{a}}ndez P{\'{e}}rez and Armando Llanos and Yolanda Carri{\'{o}}n Marco and Isabel Collado Beneyto and David L{\'{o}}pez-Serrano and Mario Sanz Tormo and Ant{\'{o}}nio C. Valera and Concepci{\'{o}}n Blasco and Corina Liesau and Patricia R{\'{\i}}os and Joan Daura and Mar{\'{\i}}a Jes{\'{u}}s de Pedro Mich{\'{o}} and Agust{\'{\i}}n A. Diez-Castillo and Ra{\'{u}}l Flores Fern{\'{a}}ndez and Joan Franc{\`{e}}s Farr{\'{e}} and Rafael Garrido-Pena and Victor S. Gon{\c{c}}alves and Elisa Guerra-Doce and Ana Mercedes Herrero-Corral and Joaquim Juan-Cabanilles and Daniel L{\'{o}}pez-Reyes and Sarah B. McClure and Marta Merino P{\'{e}}rez and Arturo Oliver Foix and Montserrat Sanz Borr{\`{a}}s and Ana Catarina Sousa and Julio Manuel Vidal Encinas and Douglas J. Kennett and Martin B. Richards and Kurt Werner Alt and Wolfgang Haak and Ron Pinhasi and Carles Lalueza-Fox and David Reich},
	title = {The Genomic History of the {I}berian {P}eninsula Over the Past 8000 Years},
	journal = {Science}
}

@article{Pecnerova2021,
  doi = {10.1016/j.cub.2021.01.064},
  url = {https://doi.org/10.1016/j.cub.2021.01.064},
  year = {2021},
  publisher = {Elsevier {BV}},
  volume = {31},
  number = {9},
  pages = {1862--1871.e5},
  author = {Patr{\'{\i}}cia Pe{\v{c}}nerov{\'{a}} and Gen{\'{\i}}s Garcia-Erill and Xiaodong Liu and Casia Nursyifa and Ryan K. Waples and Cindy G. Santander and Liam Quinn and Peter Frandsen and Jonas Meisner and Frederik Filip St{\ae}ger and Malthe Sebro Rasmussen and Anna Br\"{u}niche-Olsen and Christian Hviid Friis J{\o}rgensen and Rute R. da Fonseca and Hans R. Siegismund and Anders Albrechtsen and Rasmus Heller and Ida Moltke and Kristian Hangh{\o}j},
  title = {High genetic diversity and low differentiation reflect the ecological versatility of the African leopard},
  journal = {Current Biology}
}

@article{Peter2016,
  doi = {10.1534/genetics.115.183913},
  url = {https://doi.org/10.1534/genetics.115.183913},
  year = {2016},
  publisher = {Oxford University Press ({OUP})},
  volume = {202},
  number = {4},
  pages = {1485--1501},
  author = {Benjamin M Peter},
  title = {Admixture, Population Structure, and F-Statistics},
  journal = {Genetics}
}

@article{Polyak1992,
	doi = {10.1137/0330046},
	url = {https://doi.org/10.1137%2F0330046},
	year = 1992,
	publisher = {Society for Industrial {\&} Applied Mathematics ({SIAM})},
	volume = {30},
	number = {4},
	pages = {838--855},
	author = {B. T. Polyak and A. B. Juditsky},
	title = {Acceleration of Stochastic Approximation by Averaging},
	journal = {{SIAM} Journal on Control and Optimization}
}

@article{Portik2017,
  doi = {10.1111/mec.14266},
  url = {https://doi.org/10.1111/mec.14266},
  year = {2017},
  month = aug,
  publisher = {Wiley},
  volume = {26},
  number = {19},
  pages = {5245--5263},
  author = {Daniel M. Portik and Adam D. Leach{\'{e}} and Danielle Rivera and Michael F. Barej and Marius Burger and Mareike Hirschfeld and Mark-Oliver R\"{o}del and David C. Blackburn and Matthew K. Fujita},
  title = {Evaluating mechanisms of diversification in a {G}uineo-{C}ongolian tropical forest frog using demographic model selection},
  journal = {Molecular Ecology}
}

@article{Qiu2015,
  doi = {10.1038/ncomms10283},
  url = {https://doi.org/10.1038/ncomms10283},
  year = {2015},
  publisher = {Springer Science and Business Media {LLC}},
  volume = {6},
  number = {1},
  author = {Qiang Qiu and Lizhong Wang and Kun Wang and Yongzhi Yang and Tao Ma and Zefu Wang and Xiao Zhang and Zhengqiang Ni and Fujiang Hou and Ruijun Long and Richard Abbott and Johannes Lenstra and Jianquan Liu},
  title = {Yak whole-genome resequencing reveals domestication signatures and prehistoric population expansions},
  journal = {Nature Communications}
}

@article{Reich2009,
  doi = {10.1038/nature08365},
  url = {https://doi.org/10.1038/nature08365},
  year = {2009},
  publisher = {Springer Science and Business Media {LLC}},
  volume = {461},
  number = {7263},
  pages = {489--494},
  author = {David Reich and Kumarasamy Thangaraj and Nick Patterson and Alkes L. Price and Lalji Singh},
  title = {Reconstructing {I}ndian Population History},
  journal = {Nature}
}

@techreport{Ruppert1988,
  year={1988},
  author={Ruppert, David},
  title={Efficient Estimations from a Slowly Convergent {Robbins-Monro} Process},
  institution={Cornell University}
}

@article{SanchezBarreiro2021,
  doi = {10.1111/mec.16043},
  url = {https://doi.org/10.1111/mec.16043},
  year = {2021},
  publisher = {Wiley},
  volume = {30},
  number = {23},
  pages = {6355--6369},
  author = {F{\'{a}}tima S{\'{a}}nchez-Barreiro and Shyam Gopalakrishnan and Jazm{\'{\i}}n Ramos-Madrigal and Michael V. Westbury and Marc Manuel and Ashot Margaryan and Marta M. Ciucani and Filipe G. Vieira and Yannis Patramanis and Daniela C. Kalthoff and Zena Timmons and Thomas Sicheritz-Pont{\'{e}}n and Love Dal{\'{e}}n and Oliver A. Ryder and Guojie Zhang and Tom{\'{a}}s Marqu{\`{e}}s-Bonet and Yoshan Moodley and M. Thomas P. Gilbert},
  title = {Historical Population Declines Prompted Significant Genomic Erosion in the Northern and Southern White Rhinoceros (\emph{{C}eratotherium simum)}},
  journal = {Molecular Ecology}
}

@article{Sato2000,
  doi = {10.1162/089976600300015853},
  url = {https://doi.org/10.1162/089976600300015853},
  year = {2000},
  publisher = {{MIT} Press - Journals},
  volume = {12},
  number = {2},
  pages = {407--432},
  author = {Masa-aki Sato and Shin Ishii},
  title = {On-line {EM} Algorithm for the Normalized Gaussian Network},
  journal = {Neural Computation}
}

@article{Schroeder2019,
  doi = {10.1073/pnas.1820210116},
  url = {https://doi.org/10.1073/pnas.1820210116},
  year = {2019},
  publisher = {Proceedings of the National Academy of Sciences},
  volume = {116},
  number = {22},
  pages = {10705--10710},
  author = {Hannes Schroeder and Ashot Margaryan and Marzena Szmyt and Bertrand Theulot and Piotr W{\l}odarczak and Simon Rasmussen and Shyam Gopalakrishnan and Anita Szczepanek and Tomasz Konopka and Theis Z. T. Jensen and Barbara Witkowska and Stanis{\l}aw Wilk and Marcin M. Przyby{\l}a and {\L}ukasz Pospieszny and Karl-G\"{o}ran Sj\"{o}gren and Zdzislaw Belka and Jesper Olsen and Kristian Kristiansen and Eske Willerslev and Karin M. Frei and Martin Sikora and Niels N. Johannsen and Morten E. Allentoft},
  title = {Unraveling ancestry, kinship, and violence in a {L}ate {N}eolithic mass grave},
  journal = {Proceedings of the National Academy of Sciences}
}

@article{Sikora2019,
  doi = {10.1038/s41586-019-1279-z},
  url = {https://doi.org/10.1038/s41586-019-1279-z},
  year = {2019},
  publisher = {Springer Science and Business Media {LLC}},
  volume = {570},
  number = {7760},
  pages = {182--188},
  author = {Martin Sikora and Vladimir V. Pitulko and Vitor C. Sousa and Morten E. Allentoft and Lasse Vinner and Simon Rasmussen and Ashot Margaryan and Peter de Barros Damgaard and Constanza de la Fuente and Gabriel Renaud and Melinda A. Yang and Qiaomei Fu and Isabelle Dupanloup and Konstantinos Giampoudakis and David Nogu{\'{e}}s-Bravo and Carsten Rahbek and Guus Kroonen and Michaël Peyrot and Hugh McColl and Sergey V. Vasilyev and Elizaveta Veselovskaya and Margarita Gerasimova and Elena Y. Pavlova and Vyacheslav G. Chasnyk and Pavel A. Nikolskiy and Andrei V. Gromov and Valeriy I. Khartanovich and Vyacheslav Moiseyev and Pavel S. Grebenyuk and Alexander Yu. Fedorchenko and Alexander I. Lebedintsev and Sergey B. Slobodin and Boris A. Malyarchuk and Rui Martiniano and Morten Meldgaard and Laura Arppe and Jukka U. Palo and Tarja Sundell and Kristiina Mannermaa and Mikko Putkonen and Verner Alexandersen and Charlotte Primeau and Nurbol Baimukhanov and Ripan S. Malhi and Karl-G\"{o}ran Sj\"{o}gren and Kristian Kristiansen and Anna Wessman and Antti Sajantila and Marta Mirazon Lahr and Richard Durbin and Rasmus Nielsen and David J. Meltzer and Laurent Excoffier and Eske Willerslev},
  title = {The population history of northeastern {S}iberia since the {P}leistocene},
  journal = {Nature}
}

@article{Tajima1989,
  year = {1989},
  publisher = {Genetics Soc America},
  volume = {123},
  number = {3},
  pages = {585--595},
  author = {Fumio Tajima},
  title = {Statistical Method for Testing the Neutral Mutation Hypothesis by {DNA} Polymorphism.},
  journal = {Genetics}
}

@article{vanderValk2021,
	doi = {10.1038/s41586-021-03224-9},
	url = {https://doi.org/10.1038%2Fs41586-021-03224-9},
	year = 2021,
	publisher = {Springer Science and Business Media {LLC}},
	volume = {591},
	number = {7849},
	pages = {265--269},
	author = {Tom van der Valk and Patr{\'{\i}}cia Pe{\v{c}}nerov{\'{a}} and David D{\'{\i}}ez-del-Molino and Anders Bergström and Jonas Oppenheimer and Stefanie Hartmann and Georgios Xenikoudakis and Jessica A. Thomas and Marianne Dehasque and Ekin Sa{\u{g}}l{\i}can and Fatma Rabia Fidan and Ian Barnes and Shanlin Liu and Mehmet Somel and Peter D. Heintzman and Pavel Nikolskiy and Beth Shapiro and Pontus Skoglund and Michael Hofreiter and Adrian M. Lister and Anders Götherström and Love Dal{\'{e}}n},
	title = {Million-Year-Old {DNA} Sheds Light on the Genomic History of Mammoths},
	journal = {Nature}
}

@article{Varadhan2008,
  doi = {10.1111/j.1467-9469.2007.00585.x},
  url = {https://doi.org/10.1111/j.1467-9469.2007.00585.x},
  year = {2008},
  publisher = {Wiley},
  volume = {35},
  number = {2},
  pages = {335--353},
  author = {Ravi Varadhan and Christophe Roland},
  title = {Simple and Globally Convergent Methods for Accelerating the Convergence of Any {EM} Algorithm},
  journal = {Scandinavian Journal of Statistics}
}

@article{Waples2019,
  doi = {10.1111/mec.14954},
  url = {https://doi.org/10.1111/mec.14954},
  year = {2019},
  publisher = {Wiley},
  volume = {28},
  number = {1},
  pages = {35--48},
  author = {Ryan K. Waples and Anders Albrechtsen and Ida Moltke},
  title = {Allele frequency-free inference of close familial relationships from genotypes or low-depth sequencing data},
  journal = {Molecular Ecology}
}

@article{Wright2018,
  doi = {10.1002/evl3.39},
  url = {https://doi.org/10.1002/evl3.39},
  year = {2018},
  publisher = {Wiley},
  volume = {2},
  number = {2},
  pages = {52--61},
  author = {Alison E. Wright and Matteo Fumagalli and Christopher R. Cooney and Natasha I. Bloch and Filipe G. Vieira and Severine D. Buechel and Niclas Kolm and Judith E. Mank},
  title = {Male-biased gene expression resolves sexual conflict through the evolution of sex-specific genetic architecture},
  journal = {Evolution Letters}
}

@article{1000g2015,
  doi = {10.1038/nature15393},
  url = {https://doi.org/10.1038/nature15393},
  year = {2015},
  publisher = {Springer Science and Business Media {LLC}},
  volume = {526},
  number = {7571},
  pages = {68--74},
  author = {{The 1000 Genomes Project Consortium}},
  title = {A Global Reference for Human Genetic Variation},
  journal = {Nature}
}
